<?xml version="1.0" encoding="UTF-8"?><collection xmlns="http://www.loc.gov/MARC21/slim"><record><leader>00312nam--2200121-i-4500</leader><controlfield tag="001">000006828</controlfield><controlfield tag="002">20161230</controlfield><controlfield tag="005">20161230201027</controlfield><controlfield tag="008">060222s1000------------r-----000-0-eng-d</controlfield><datafield ind1=" " ind2=" " tag="100"><subfield code="a">Baumann, R./S.A.</subfield></datafield><datafield ind1=" " ind2=" " tag="245"><subfield code="a">Introduction to algol</subfield></datafield><datafield ind1=" " ind2=" " tag="260"><subfield code="a">Englewood Cliffs, N.J., Prentice-hall, 1964 X + 142 P</subfield></datafield><datafield ind1=" " ind2=" " tag="852"><subfield code="a">19853</subfield></datafield></record></collection>